<?xml version="1.0" encoding="UTF-8"?><collection xmlns="http://www.loc.gov/MARC21/slim"><record><leader>00439nam--2200157-i-4500</leader><controlfield tag="001">000005296</controlfield><controlfield tag="002">20161230</controlfield><controlfield tag="005">20170114173707</controlfield><controlfield tag="008">060222s1000------------r-----000-0-eng-d</controlfield><datafield ind1=" " ind2=" " tag="100"><subfield code="a">Badea, Arsenie</subfield></datafield><datafield ind1=" " ind2=" " tag="245"><subfield code="a">Automatizarea instalatiilor termice din centralele termoelectrice</subfield></datafield><datafield ind1=" " ind2=" " tag="260"><subfield code="a">Bucuresti</subfield><subfield code="b">Asit</subfield><subfield code="c">1960</subfield></datafield><datafield ind1=" " ind2=" " tag="300"><subfield code="a">24 p</subfield></datafield><datafield ind1=" " ind2=" " tag="490"><subfield code="a">Curs De Teoria Reglarii Automate. Cap. III</subfield></datafield><datafield ind1=" " ind2=" " tag="852"><subfield code="a">7433</subfield></datafield><datafield ind1=" " ind2=" " tag="CAT"><subfield code="a">SYS</subfield><subfield code="c">20170114</subfield><subfield code="h">173707</subfield></datafield></record></collection>